@misc{kaggle/rsna-ich,
    title={Kaggle: RSNA Intracranial Hemorrhage Detection},
    author={Radiological Society of North America},
    year = {2019},
    URL={https://www.kaggle.com/c/rsna-intracranial-hemorrhage-detection}
}

@article {PMID:9537967,
	Title = {Intracranial hemorrhage: diagnosis and emergency management},
	Author = {Stieg, PE and Kase, CS},
	DOI = {10.1016/s0733-8619(05)70069-4},
	Number = {2},
	Volume = {16},
	Month = {May},
	Year = {1998},
	Journal = {Neurologic clinics},
	ISSN = {0733-8619},
	Pages = {373â€”390},
	URL = {https://doi.org/10.1016/s0733-8619(05)70069-4},
}

@article{10.1001/jama.2019.2413,
    author = {Gross, Bradley A. and Jankowitz, Brian T. and Friedlander, Robert M.},
    title = "{Cerebral Intraparenchymal Hemorrhage: A Review}",
    journal = {JAMA},
    volume = {321},
    number = {13},
    pages = {1295-1303},
    year = {2019},
    month = {04},
    issn = {0098-7484},
    doi = {10.1001/jama.2019.2413},
    url = {https://doi.org/10.1001/jama.2019.2413},
    eprint = {https://jamanetwork.com/journals/jama/articlepdf/2729375/jama\_gross\_2019\_rv\_190003.pdf},
}

@article{PMID:20425231,
    title = {Management of intraventricular hemorrhage},
    author = {Hinson, H. E., Hanley, D. F., and Ziai, W. C.},
    journal = {Current Neurology and Neuroscience Reports},
    pages = {73-82},
    volume = {10},
    number = {2},
    year = {2010},
    month = {03},
    issn = {1528-4042},
    doi = {10.1007/s11910-010-0086-6},
    url = {https://doi.org/10.1007/s11910-010-0086-6}
}

@article{ABRAHAM2016901,
    title = "Subarachnoid Hemorrhage",
    journal = "Emergency Medicine Clinics of North America",
    volume = "34",
    number = "4",
    pages = "901 - 916",
    year = "2016",
    issn = "0733-8627",
    doi = "10.1016/j.emc.2016.06.011",
    url = "https://doi.org/10.1016/j.emc.2016.06.011",
    author = "Michael K. Abraham and Wan-Tsu Wendy Chang",
    keywords = "Subarachnoid hemorrhage, Aneurysm, CT, Lumbar puncture, Clinical decision rules, Grading scales, Delayed cerebral ischemia, Cerebral vasospasm"
}

@article{PMID:28558815,
    title = {Pathophysiology of chronic subdural haematoma: inflammation, angiogenesis and implications for pharmacotherapy},
    author = {Edlmann, E. and Giorgi-Coll, S. and  Whitfield, P. C. and Carpenter, K. and Hutchinson, P. J.},
    journal = {Journal of Neuroinflammation},
    pages = {108},
    volume = {14},
    number = {1},
    year = {2017},
    month = {05},
    issn = {1742-2094},
    doi = {10.1186/s12974-017-0881-y},
    url = {https://dx.doi.org/10.1186/s12974-017-0881-y}
}

@book{ISBN:9780199710041,
    author = {William Pryse-Phillips},
    title = {Companion to Clinical Neurology},
    publisher = {Oxford University Press},
    year = {2009},
    edition = {3},
    note = {p. 335},
    isbn = {9780199710041}
}

@article{mildenberger2002introduction,
  title={Introduction to the DICOM standard},
  author={Mildenberger, Peter and Eichelberg, Marco and Martin, Eric},
  journal={European radiology},
  volume={12},
  number={4},
  pages={920--927},
  year={2002},
  publisher={Springer}
}

@article{TIDWELL199965,
    title = "Advanced imaging concepts: A pictorial glossary of CT and MRI technology",
    journal = "Clinical Techniques in Small Animal Practice",
    volume = "14",
    number = "2",
    pages = "65 - 111",
    year = "1999",
    note = "Updates in CT and MRI, Part 1",
    issn = "1096-2867",
    doi = "https://doi.org/10.1016/S1096-2867(99)80008-5",
    url = "http://www.sciencedirect.com/science/article/pii/S1096286799800085",
    author = "Amy S. Tidwell"
}

@misc{radiopaedia/windowing,
    title={Windowing (CT)},
    author={Knipe, Henry and Murphy, Andrew},
    year = {2019},
    url={https://radiopaedia.org/articles/windowing-ct}
}

@article{DEVOS2009609,
    title = "Cone-beam computerized tomography (CBCT) imaging of the oral and maxillofacial region: A systematic review of the literature",
    journal = "International Journal of Oral and Maxillofacial Surgery",
    volume = "38",
    number = "6",
    pages = "609 - 625",
    year = "2009",
    issn = "0901-5027",
    doi = "https://doi.org/10.1016/j.ijom.2009.02.028",
    url = "http://www.sciencedirect.com/science/article/pii/S0901502709008649",
    author = "W. De Vos and J. Casselman and G.R.J. Swennen",
    keywords = "cone-beam CT, oral and maxillofacial imaging, radiation dose, systematic review"
}

@InProceedings{He_2016_CVPR,
    author = {He, Kaiming and Zhang, Xiangyu and Ren, Shaoqing and Sun, Jian},
    title = {Deep Residual Learning for Image Recognition},
    booktitle = {The IEEE Conference on Computer Vision and Pattern Recognition (CVPR)},
    month = {June},
    year = {2016}
}

@article{ILSVRC15,
    Author = {Olga Russakovsky and Jia Deng and Hao Su and Jonathan Krause and Sanjeev Satheesh and Sean Ma and Zhiheng Huang and Andrej Karpathy and Aditya Khosla and Michael Bernstein and Alexander C. Berg and Li Fei-Fei},
    Title = {{ImageNet Large Scale Visual Recognition Challenge}},
    Year = {2015},
    journal   = {International Journal of Computer Vision (IJCV)},
    doi = {10.1007/s11263-015-0816-y},
    volume={115},
    number={3},
    pages={211-252}
}

@misc{kaggle/seutao,
    author={SeuTao},
    title={1st Place Solution. Sequence model wins},
    month={November},
    year={2019},
    url={https://www.kaggle.com/c/rsna-intracranial-hemorrhage-detection/discussion/117210}
}

@misc{kaggle/nobrainer,
    author={Darragh},
    title={2nd Place Solution - Sequential model},
    month={November},
    year={2019},
    url={https://www.kaggle.com/c/rsna-intracranial-hemorrhage-detection/discussion/117228}
}

@misc{kaggle/takuoko,
    author={takuoko},
    title={3rd place solution \& become GM!! (updated with code)},
    month={November},
    year={2019},
    url={https://www.kaggle.com/c/rsna-intracranial-hemorrhage-detection/discussion/117223}
}

@InProceedings{10.1007/978-3-030-11723-8_46,
    author="Islam, Mobarakol
    and Sanghani, Parita
    and See, Angela An Qi
    and James, Michael Lucas
    and King, Nicolas Kon Kam
    and Ren, Hongliang",
    editor="Crimi, Alessandro
    and Bakas, Spyridon
    and Kuijf, Hugo
    and Keyvan, Farahani
    and Reyes, Mauricio
    and van Walsum, Theo",
    title="ICHNet: Intracerebral Hemorrhage (ICH) Segmentation Using Deep Learning",
    booktitle="Brainlesion: Glioma, Multiple Sclerosis, Stroke and Traumatic Brain Injuries",
    year="2019",
    publisher="Springer International Publishing",
    address="Cham",
    pages="456--463",
    url={https://link.springer.com/chapter/10.1007/978-3-030-11723-8_46}
}

@InProceedings{10.1007/978-3-319-24574-4_28,
    author="Ronneberger, Olaf and Fischer, Philipp and Brox, Thomas",
    editor="Navab, Nassir and Hornegger, Joachim and Wells, William M. and Frangi, Alejandro F.",
    title="U-Net: Convolutional Networks for Biomedical Image Segmentation",
    booktitle="Medical Image Computing and Computer-Assisted Intervention -- MICCAI 2015",
    year="2015",
    publisher="Springer International Publishing",
    address="Cham",
    pages="234--241",
    isbn="978-3-319-24574-4",
    url={https://link.springer.com/chapter/10.1007/978-3-319-24574-4_28}
}

@article{10.1038/s41551-018-0324-9,
    author={Lee, Hyunkwang and Yune, Sehyo and Mansouri, Mohammad and Kim, Myeongchan and Tajmir, Shahein H. and
        Guerrier, Claude E. and Ebert, Sarah A. and Pomerantz, Stuart R. and Romero, Javier M. and Kamalian, Shahmir and
        Gonzalez, Ramon G. and Lev, Michael H. and Do, Synho},
    title={An explainable deep-learning algorithm for the detection of acute intracranial haemorrhage from small datasets},
    journal={Nature Biomedical Engineering},
    year={2019},
    number={3},
    pages={173-182},
    month={March},
    volume={3},
    url={https://doi.org/10.1038/s41551-018-0324-9}
}

@misc{lee2018practical,
    title={Practical Window Setting Optimization for Medical Image Deep Learning},
    author={Hyunkwang Lee and Myeongchan Kim and Synho Do},
    year={2018},
    eprint={1812.00572},
    archivePrefix={arXiv},
    primaryClass={cs.CV},
    note={Machine Learning for Health (ML4H) Workshop at NeurIPS 2018}
}